@article{nested_model,
  author = {Munzner, Tamara},
  journal = {IEEE Transactions on Visualization and Computer Graphics}, 
  title = {A Nested Model for Visualization Design and Validation}, 
  year = {2009},
  volume = {15},
  number = {6},
  pages = {921-928},
  doi = {10.1109/TVCG.2009.111}
}

@inbook{mayer_2005, 
  place = {Cambridge}, 
  series = {Cambridge Handbooks in Psychology}, 
  title = {Cognitive Theory of Multimedia Learning}, 
  DOI = {10.1017/CBO9780511816819.004}, 
  booktitle = {The Cambridge Handbook of Multimedia Learning}, 
  publisher = {Cambridge University Press}, 
  author = {Mayer, Richard E.}, 
  editor = {Mayer, RichardEditor}, 
  year = {2005}, 
  pages = {31â€“48}, 
  collection = {Cambridge Handbooks in Psychology}
}